@Manual{R-base,
  title = {R: A Language and Environment for Statistical Computing},
  author = {{R Core Team}},
  organization = {R Foundation for Statistical Computing},
  address = {Vienna, Austria},
  year = {2022},
  url = {https://www.R-project.org/},
}

@Manual{R-bookdown,
  title = {bookdown: Authoring Books and Technical Documents with R Markdown},
  author = {Yihui Xie},
  year = {2023},
  note = {R package version 0.32},
  url = {https://CRAN.R-project.org/package=bookdown},
}

@Manual{R-car,
  title = {car: Companion to Applied Regression},
  author = {John Fox and Sanford Weisberg and Brad Price},
  year = {2022},
  note = {R package version 3.1-1},
  url = {https://CRAN.R-project.org/package=car},
}

@Manual{R-carData,
  title = {carData: Companion to Applied Regression Data Sets},
  author = {John Fox and Sanford Weisberg and Brad Price},
  year = {2022},
  note = {R package version 3.0-5},
  url = {https://CRAN.R-project.org/package=carData},
}

@Manual{R-dplyr,
  title = {dplyr: A Grammar of Data Manipulation},
  author = {Hadley Wickham and Romain François and Lionel Henry and Kirill Müller and Davis Vaughan},
  year = {2023},
  note = {R package version 1.1.1},
  url = {https://CRAN.R-project.org/package=dplyr},
}

@Manual{R-ez,
  title = {ez: Easy Analysis and Visualization of Factorial Experiments},
  author = {Michael A. Lawrence},
  year = {2016},
  note = {R package version 4.4-0},
  url = {http://github.com/mike-lawrence/ez},
}

@Manual{R-forcats,
  title = {forcats: Tools for Working with Categorical Variables (Factors)},
  author = {Hadley Wickham},
  year = {2023},
  note = {R package version 1.0.0},
  url = {https://CRAN.R-project.org/package=forcats},
}

@Manual{R-foreign,
  title = {foreign: Read Data Stored by Minitab, S, SAS, SPSS, Stata,
Systat, Weka, dBase, ...},
  author = {{R Core Team}},
  year = {2022},
  note = {R package version 0.8-84},
  url = {https://svn.r-project.org/R-packages/trunk/foreign/},
}

@Manual{R-gdata,
  title = {gdata: Various R Programming Tools for Data Manipulation},
  author = {Gregory R. Warnes and Ben Bolker and Gregor Gorjanc and Gabor Grothendieck and Ales Korosec and Thomas Lumley and Don MacQueen and Arni Magnusson and Jim Rogers and others},
  year = {2022},
  note = {R package version 2.18.0.1},
  url = {https://CRAN.R-project.org/package=gdata},
}

@Manual{R-ggplot2,
  title = {ggplot2: Create Elegant Data Visualisations Using the Grammar of Graphics},
  author = {Hadley Wickham and Winston Chang and Lionel Henry and Thomas Lin Pedersen and Kohske Takahashi and Claus Wilke and Kara Woo and Hiroaki Yutani and Dewey Dunnington},
  year = {2023},
  note = {R package version 3.4.1},
  url = {https://CRAN.R-project.org/package=ggplot2},
}

@Manual{R-granova,
  title = {granova: Graphical Analysis of Variance},
  author = {Robert M. Pruzek and James E. Helmreich},
  year = {2023},
  note = {R package version 2.2},
  url = {https://CRAN.R-project.org/package=granova},
}

@Manual{R-granovaGG,
  title = {granovaGG: Graphical Analysis of Variance Using ggplot2},
  author = {Brian A. Danielak and Robert M. Pruzek and with contributions from: William E. J. Doane and James E. Helmreich and Jason Bryer},
  year = {2015},
  note = {R package version 1.4.0},
  url = {https://CRAN.R-project.org/package=granovaGG},
}

@Manual{R-gridExtra,
  title = {gridExtra: Miscellaneous Functions for "Grid" Graphics},
  author = {Baptiste Auguie},
  year = {2017},
  note = {R package version 2.3},
  url = {https://CRAN.R-project.org/package=gridExtra},
}

@Manual{R-knitr,
  title = {knitr: A General-Purpose Package for Dynamic Report Generation in R},
  author = {Yihui Xie},
  year = {2023},
  note = {R package version 1.42},
  url = {https://yihui.org/knitr/},
}

@Manual{R-lattice,
  title = {lattice: Trellis Graphics for R},
  author = {Deepayan Sarkar},
  year = {2021},
  note = {R package version 0.20-45},
  url = {http://lattice.r-forge.r-project.org/},
}

@Manual{R-MASS,
  title = {MASS: Support Functions and Datasets for Venables and Ripley's MASS},
  author = {Brian Ripley},
  year = {2023},
  note = {R package version 7.3-58.2},
  url = {http://www.stats.ox.ac.uk/pub/MASS4/},
}

@Manual{R-Matching,
  title = {Matching: Multivariate and Propensity Score Matching with Balance
Optimization},
  author = {Jasjeet {Singh Sekhon} and Theo Saarinen},
  year = {2022},
  note = {R package version 4.10-8},
  url = {https://github.com/JasjeetSekhon/Matching},
}

@Manual{R-MatchIt,
  title = {MatchIt: Nonparametric Preprocessing for Parametric Causal Inference},
  author = {Daniel Ho and Kosuke Imai and Gary King and Elizabeth Stuart and Noah Greifer},
  year = {2023},
  note = {R package version 4.5.1},
  url = {https://CRAN.R-project.org/package=MatchIt},
}

@Manual{R-mice,
  title = {mice: Multivariate Imputation by Chained Equations},
  author = {Stef {van Buuren} and Karin Groothuis-Oudshoorn},
  year = {2022},
  note = {R package version 3.15.0},
  url = {https://CRAN.R-project.org/package=mice},
}

@Manual{R-modeltools,
  title = {modeltools: Tools and Classes for Statistical Models},
  author = {Torsten Hothorn and Friedrich Leisch and Achim Zeileis},
  year = {2020},
  note = {R package version 0.2-23},
  url = {https://CRAN.R-project.org/package=modeltools},
}

@Manual{R-multilevelPSA,
  title = {multilevelPSA: Multilevel Propensity Score Analysis},
  author = {Jason Bryer},
  year = {2018},
  note = {R package version 1.2.5},
  url = {http://github.com/jbryer/multilevelPSA},
}

@Manual{R-mvtnorm,
  title = {mvtnorm: Multivariate Normal and t Distributions},
  author = {Alan Genz and Frank Bretz and Tetsuhisa Miwa and Xuefei Mi and Torsten Hothorn},
  year = {2021},
  note = {R package version 1.1-3},
  url = {http://mvtnorm.R-forge.R-project.org},
}

@Manual{R-party,
  title = {party: A Laboratory for Recursive Partytioning},
  author = {Torsten Hothorn and Kurt Hornik and Carolin Strobl and Achim Zeileis},
  year = {2023},
  note = {R package version 1.3-13},
  url = {http://party.R-forge.R-project.org},
}

@Manual{R-plyr,
  title = {plyr: Tools for Splitting, Applying and Combining Data},
  author = {Hadley Wickham},
  year = {2022},
  note = {R package version 1.8.8},
  url = {https://CRAN.R-project.org/package=plyr},
}

@Manual{R-psa,
  title = {psa: Applied Propensity Score Analysis with R},
  author = {Jason Bryer},
  year = {2023},
  note = {R package version 0.9.2},
  url = {http://github.com/jbryer/psa},
}

@Manual{R-PSAboot,
  title = {PSAboot: Bootstrapping for Propensity Score Analysis},
  author = {Jason Bryer},
  year = {2023},
  note = {R package version 1.3.6},
  url = {https://github.com/jbryer/PSAboot},
}

@Manual{R-PSAgraphics,
  title = {PSAgraphics: Propensity Score Analysis Graphics},
  author = {James Helmreich and Robert Pruzek},
  year = {2023},
  note = {R package version 2.1.2},
  url = {https://jbryer.github.io/PSAgraphics/},
}

@Manual{R-psych,
  title = {psych: Procedures for Psychological, Psychometric, and Personality
Research},
  author = {William Revelle},
  year = {2023},
  note = {R package version 2.3.3},
  url = {https://personality-project.org/r/psych/
https://personality-project.org/r/psych-manual.pdf},
}

@Manual{R-purrr,
  title = {purrr: Functional Programming Tools},
  author = {Hadley Wickham and Lionel Henry},
  year = {2023},
  note = {R package version 1.0.1},
  url = {https://CRAN.R-project.org/package=purrr},
}

@Manual{R-randomForest,
  title = {randomForest: Breiman and Cutler's Random Forests for Classification and
Regression},
  author = {Leo Breiman and Adele Cutler and Andy Liaw and Matthew Wiener},
  year = {2022},
  note = {R package version 4.7-1.1},
  url = {https://www.stat.berkeley.edu/~breiman/RandomForests/},
}

@Manual{R-rbounds,
  title = {rbounds: Perform Rosenbaum Bounds Sensitivity Tests for Matched and
Unmatched Data},
  author = {Luke J. Keele},
  year = {2022},
  note = {R package version 2.2},
  url = {https://CRAN.R-project.org/package=rbounds},
}

@Manual{R-readr,
  title = {readr: Read Rectangular Text Data},
  author = {Hadley Wickham and Jim Hester and Jennifer Bryan},
  year = {2023},
  note = {R package version 2.1.4},
  url = {https://CRAN.R-project.org/package=readr},
}

@Manual{R-reshape2,
  title = {reshape2: Flexibly Reshape Data: A Reboot of the Reshape Package},
  author = {Hadley Wickham},
  year = {2020},
  note = {R package version 1.4.4},
  url = {https://github.com/hadley/reshape},
}

@Manual{R-rmarkdown,
  title = {rmarkdown: Dynamic Documents for R},
  author = {JJ Allaire and Yihui Xie and Jonathan McPherson and Javier Luraschi and Kevin Ushey and Aron Atkins and Hadley Wickham and Joe Cheng and Winston Chang and Richard Iannone},
  year = {2023},
  note = {R package version 2.20},
  url = {https://CRAN.R-project.org/package=rmarkdown},
}

@Manual{R-rpart,
  title = {rpart: Recursive Partitioning and Regression Trees},
  author = {Terry Therneau and Beth Atkinson},
  year = {2022},
  note = {R package version 4.1.19},
  url = {https://CRAN.R-project.org/package=rpart},
}

@Manual{R-sandwich,
  title = {sandwich: Robust Covariance Matrix Estimators},
  author = {Achim Zeileis and Thomas Lumley},
  year = {2022},
  note = {R package version 3.0-2},
  url = {https://sandwich.R-Forge.R-project.org/},
}

@Manual{R-scales,
  title = {scales: Scale Functions for Visualization},
  author = {Hadley Wickham and Dana Seidel},
  year = {2022},
  note = {R package version 1.2.1},
  url = {https://CRAN.R-project.org/package=scales},
}

@Manual{R-shiny,
  title = {shiny: Web Application Framework for R},
  author = {Winston Chang and Joe Cheng and JJ Allaire and Carson Sievert and Barret Schloerke and Yihui Xie and Jeff Allen and Jonathan McPherson and Alan Dipert and Barbara Borges},
  year = {2022},
  note = {R package version 1.7.4},
  url = {https://shiny.rstudio.com/},
}

@Manual{R-stargazer,
  title = {stargazer: Well-Formatted Regression and Summary Statistics Tables},
  author = {Marek Hlavac},
  year = {2022},
  note = {R package version 5.2.3},
  url = {https://CRAN.R-project.org/package=stargazer},
}

@Manual{R-stringr,
  title = {stringr: Simple, Consistent Wrappers for Common String Operations},
  author = {Hadley Wickham},
  year = {2022},
  note = {R package version 1.5.0},
  url = {https://CRAN.R-project.org/package=stringr},
}

@Manual{R-strucchange,
  title = {strucchange: Testing, Monitoring, and Dating Structural Changes},
  author = {Achim Zeileis and Friedrich Leisch and Kurt Hornik and Christian Kleiber},
  year = {2022},
  note = {R package version 1.5-3},
  url = {https://CRAN.R-project.org/package=strucchange},
}

@Manual{R-tibble,
  title = {tibble: Simple Data Frames},
  author = {Kirill Müller and Hadley Wickham},
  year = {2023},
  note = {R package version 3.2.1},
  url = {https://CRAN.R-project.org/package=tibble},
}

@Manual{R-tidyr,
  title = {tidyr: Tidy Messy Data},
  author = {Hadley Wickham and Davis Vaughan and Maximilian Girlich},
  year = {2023},
  note = {R package version 1.3.0},
  url = {https://CRAN.R-project.org/package=tidyr},
}

@Manual{R-tidyverse,
  title = {tidyverse: Easily Install and Load the Tidyverse},
  author = {Hadley Wickham},
  year = {2022},
  note = {R package version 1.3.2},
  url = {https://CRAN.R-project.org/package=tidyverse},
}

@Manual{R-TriMatch,
  title = {TriMatch: Propensity Score Matching of Non-Binary Treatments},
  author = {Jason Bryer},
  year = {2017},
  note = {R package version 0.9.9},
  url = {https://CRAN.R-project.org/package=TriMatch},
}

@Manual{R-xtable,
  title = {xtable: Export Tables to LaTeX or HTML},
  author = {David B. Dahl and David Scott and Charles Roosen and Arni Magnusson and Jonathan Swinton},
  year = {2019},
  note = {R package version 1.8-4},
  url = {http://xtable.r-forge.r-project.org/},
}

@Manual{R-zoo,
  title = {zoo: S3 Infrastructure for Regular and Irregular Time Series (Z's
Ordered Observations)},
  author = {Achim Zeileis and Gabor Grothendieck and Jeffrey A. Ryan},
  year = {2022},
  note = {R package version 1.8-11},
  url = {https://zoo.R-Forge.R-project.org/},
}

@Book{bookdown2016,
  title = {bookdown: Authoring Books and Technical Documents with {R} Markdown},
  author = {Yihui Xie},
  publisher = {Chapman and Hall/CRC},
  address = {Boca Raton, Florida},
  year = {2016},
  note = {ISBN 978-1138700109},
  url = {https://bookdown.org/yihui/bookdown},
}

@Book{car2019,
  title = {An {R} Companion to Applied Regression},
  edition = {Third},
  author = {John Fox and Sanford Weisberg},
  year = {2019},
  publisher = {Sage},
  address = {Thousand Oaks {CA}},
  url = {https://socialsciences.mcmaster.ca/jfox/Books/Companion/},
}

@Book{ggplot22016,
  author = {Hadley Wickham},
  title = {ggplot2: Elegant Graphics for Data Analysis},
  publisher = {Springer-Verlag New York},
  year = {2016},
  isbn = {978-3-319-24277-4},
  url = {https://ggplot2.tidyverse.org},
}

@Book{knitr2015,
  title = {Dynamic Documents with {R} and knitr},
  author = {Yihui Xie},
  publisher = {Chapman and Hall/CRC},
  address = {Boca Raton, Florida},
  year = {2015},
  edition = {2nd},
  note = {ISBN 978-1498716963},
  url = {https://yihui.org/knitr/},
}

@InCollection{knitr2014,
  booktitle = {Implementing Reproducible Computational Research},
  editor = {Victoria Stodden and Friedrich Leisch and Roger D. Peng},
  title = {knitr: A Comprehensive Tool for Reproducible Research in {R}},
  author = {Yihui Xie},
  publisher = {Chapman and Hall/CRC},
  year = {2014},
  note = {ISBN 978-1466561595},
}

@Book{lattice2008,
  title = {Lattice: Multivariate Data Visualization with R},
  author = {Deepayan Sarkar},
  publisher = {Springer},
  address = {New York},
  year = {2008},
  note = {ISBN 978-0-387-75968-5},
  url = {http://lmdvr.r-forge.r-project.org},
}

@Book{MASS2002,
  title = {Modern Applied Statistics with S},
  author = {W. N. Venables and B. D. Ripley},
  publisher = {Springer},
  edition = {Fourth},
  address = {New York},
  year = {2002},
  note = {ISBN 0-387-95457-0},
  url = {https://www.stats.ox.ac.uk/pub/MASS4/},
}

@Article{Matching2011,
  title = {Multivariate and Propensity Score Matching Software with Automated Balance Optimization: The {Matching} Package for {R}},
  author = {Jasjeet S. Sekhon},
  journal = {Journal of Statistical Software},
  year = {2011},
  volume = {42},
  number = {7},
  pages = {1--52},
  doi = {10.18637/jss.v042.i07},
}

@Article{Matching2013,
  title = {Genetic Matching for Estimating Causal Effects: A General Multivariate Matching Method for Achieving Balance in Observational Studies},
  author = {Alexis Diamond and Jasjeet S. Sekhon},
  journal = {Review of Economics and Statistics},
  volume = {95},
  number = {3},
  pages = {932--945},
  year = {2013},
  url = {http://sekhon.berkeley.edu/papers/GenMatch.pdf},
}

@Article{Matching2012,
  title = {A Matching Method For Improving Covariate Balance in Cost-Effectiveness Analyses},
  author = {Jasjeet Singh Sekhon and Richard D. Grieve},
  journal = {Health Economics},
  volume = {21},
  number = {6},
  pages = {695--714},
  year = {2012},
}

@Article{MatchIt2011,
  title = {{MatchIt}: Nonparametric Preprocessing for Parametric Causal Inference},
  author = {Daniel E. Ho and Kosuke Imai and Gary King and Elizabeth A. Stuart},
  year = {2011},
  journal = {Journal of Statistical Software},
  volume = {42},
  number = {8},
  pages = {1--28},
  doi = {10.18637/jss.v042.i08},
}

@Article{mice2011,
  title = {{mice}: Multivariate Imputation by Chained Equations in R},
  author = {Stef {van Buuren} and Karin Groothuis-Oudshoorn},
  journal = {Journal of Statistical Software},
  year = {2011},
  volume = {45},
  number = {3},
  pages = {1-67},
  doi = {10.18637/jss.v045.i03},
}

@Article{multilevelPSA2011,
  author = {Jason M. Bryer and Robert M. Pruzek},
  title = {An international comparison of private and public schools using multilevel propensity score methods and graphics (Abstract)},
  year = {2011},
  number = {46},
  pages = {1010--1011},
  journal = {Multivariate Behavior Research},
}

@Book{mvtnorm2009,
  title = {Computation of Multivariate Normal and t Probabilities},
  author = {Alan Genz and Frank Bretz},
  series = {Lecture Notes in Statistics},
  year = {2009},
  publisher = {Springer-Verlag},
  address = {Heidelberg},
  isbn = {978-3-642-01688-2},
}

@Article{party2006a,
  title = {Unbiased Recursive Partitioning: A Conditional Inference Framework},
  author = {Torsten Hothorn and Kurt Hornik and Achim Zeileis},
  journal = {Journal of Computational and Graphical Statistics},
  year = {2006},
  volume = {15},
  number = {3},
  doi = {10.1198/106186006X133933},
  pages = {651--674},
}

@Article{party2008a,
  title = {Model-Based Recursive Partitioning},
  author = {Achim Zeileis and Torsten Hothorn and Kurt Hornik},
  journal = {Journal of Computational and Graphical Statistics},
  year = {2008},
  volume = {17},
  number = {2},
  doi = {10.1198/106186008X319331},
  pages = {492--514},
}

@Article{party2006b,
  title = {Survival Ensembles},
  author = {Torsten Hothorn and Peter Buehlmann and Sandrine Dudoit and Annette Molinaro and Mark {Van Der Laan}},
  journal = {Biostatistics},
  year = {2006},
  volume = {7},
  number = {3},
  pages = {355--373},
}

@Article{party2007a,
  title = {Bias in Random Forest Variable Importance Measures: Illustrations, Sources and a Solution},
  author = {Carolin Strobl and Anne-Laure Boulesteix and Achim Zeileis and Torsten Hothorn},
  journal = {BMC Bioinformatics},
  year = {2007},
  volume = {8},
  number = {25},
  doi = {10.1186/1471-2105-8-25},
}

@Article{party2008b,
  title = {Conditional Variable Importance for Random Forests},
  author = {Carolin Strobl and Anne-Laure Boulesteix and Thomas Kneib and Thomas Augustin and Achim Zeileis},
  journal = {BMC Bioinformatics},
  year = {2008},
  volume = {9},
  number = {307},
  doi = {10.1186/1471-2105-9-307},
}

@Article{plyr2011,
  title = {The Split-Apply-Combine Strategy for Data Analysis},
  author = {Hadley Wickham},
  journal = {Journal of Statistical Software},
  year = {2011},
  volume = {40},
  number = {1},
  pages = {1--29},
  url = {https://www.jstatsoft.org/v40/i01/},
}

@Article{PSAgraphics2009,
  title = {{PSAgraphics}: An {R} Package to Support Propensity Score Analysis},
  author = {James Helmreich and Robert Pruzek},
  journal = {Journal of Statistical Software},
  year = {2009},
  volume = {29},
  number = {6},
  pages = {1--23},
  url = {https://www.jstatsoft.org/article/view/v029i06/},
}

@Article{randomForest2002,
  title = {Classification and Regression by randomForest},
  author = {Andy Liaw and Matthew Wiener},
  journal = {R News},
  year = {2002},
  volume = {2},
  number = {3},
  pages = {18-22},
  url = {https://CRAN.R-project.org/doc/Rnews/},
}

@Article{reshape22007,
  title = {Reshaping Data with the {reshape} Package},
  author = {Hadley Wickham},
  journal = {Journal of Statistical Software},
  year = {2007},
  volume = {21},
  number = {12},
  pages = {1--20},
  url = {http://www.jstatsoft.org/v21/i12/},
}

@Book{rmarkdown2018,
  title = {R Markdown: The Definitive Guide},
  author = {Yihui Xie and J.J. Allaire and Garrett Grolemund},
  publisher = {Chapman and Hall/CRC},
  address = {Boca Raton, Florida},
  year = {2018},
  note = {ISBN 9781138359338},
  url = {https://bookdown.org/yihui/rmarkdown},
}

@Book{rmarkdown2020,
  title = {R Markdown Cookbook},
  author = {Yihui Xie and Christophe Dervieux and Emily Riederer},
  publisher = {Chapman and Hall/CRC},
  address = {Boca Raton, Florida},
  year = {2020},
  note = {ISBN 9780367563837},
  url = {https://bookdown.org/yihui/rmarkdown-cookbook},
}

@Article{sandwich2020,
  title = {Various Versatile Variances: An Object-Oriented Implementation of Clustered Covariances in {R}},
  author = {Achim Zeileis and Susanne K\"oll and Nathaniel Graham},
  journal = {Journal of Statistical Software},
  year = {2020},
  volume = {95},
  number = {1},
  pages = {1--36},
  doi = {10.18637/jss.v095.i01},
}

@Article{sandwich2004,
  title = {Econometric Computing with {HC} and {HAC} Covariance Matrix Estimators},
  author = {Achim Zeileis},
  journal = {Journal of Statistical Software},
  year = {2004},
  volume = {11},
  number = {10},
  pages = {1--17},
  doi = {10.18637/jss.v011.i10},
}

@Article{sandwich2006,
  title = {Object-Oriented Computation of Sandwich Estimators},
  author = {Achim Zeileis},
  journal = {Journal of Statistical Software},
  year = {2006},
  volume = {16},
  number = {9},
  pages = {1--16},
  doi = {10.18637/jss.v016.i09},
}

@Article{strucchange2002,
  title = {strucchange: An R Package for Testing for Structural Change in Linear Regression Models},
  author = {Achim Zeileis and Friedrich Leisch and Kurt Hornik and Christian Kleiber},
  journal = {Journal of Statistical Software},
  year = {2002},
  volume = {7},
  number = {2},
  pages = {1--38},
  doi = {10.18637/jss.v007.i02},
}

@Article{strucchange2003,
  title = {Testing and Dating of Structural Changes in Practice},
  author = {Achim Zeileis and Christian Kleiber and Walter Kr\"amer and Kurt Hornik},
  journal = {Computational Statistics \& Data Analysis},
  year = {2003},
  volume = {44},
  number = {1--2},
  pages = {109--123},
  doi = {10.1016/S0167-9473(03)00030-6},
}

@Article{strucchange2006,
  title = {Implementing a Class of Structural Change Tests: An Econometric Computing Approach},
  author = {Achim Zeileis},
  journal = {Computational Statistics \& Data Analysis},
  year = {2006},
  volume = {50},
  number = {11},
  pages = {2987--3008},
  doi = {10.1016/j.csda.2005.07.001},
}

@Article{tidyverse2019,
  title = {Welcome to the {tidyverse}},
  author = {Hadley Wickham and Mara Averick and Jennifer Bryan and Winston Chang and Lucy D'Agostino McGowan and Romain François and Garrett Grolemund and Alex Hayes and Lionel Henry and Jim Hester and Max Kuhn and Thomas Lin Pedersen and Evan Miller and Stephan Milton Bache and Kirill Müller and Jeroen Ooms and David Robinson and Dana Paige Seidel and Vitalie Spinu and Kohske Takahashi and Davis Vaughan and Claus Wilke and Kara Woo and Hiroaki Yutani},
  year = {2019},
  journal = {Journal of Open Source Software},
  volume = {4},
  number = {43},
  pages = {1686},
  doi = {10.21105/joss.01686},
}

@Article{zoo2005,
  title = {zoo: S3 Infrastructure for Regular and Irregular Time Series},
  author = {Achim Zeileis and Gabor Grothendieck},
  journal = {Journal of Statistical Software},
  year = {2005},
  volume = {14},
  number = {6},
  pages = {1--27},
  doi = {10.18637/jss.v014.i06},
}

